@article{infantino2010,
  title={Developing high-frequency equities trading models},
  author={Infantino, Leandro Rafael and Itzhaki, Savion},
  year={2010},
  publisher={Massachusetts Institute of Technology},
  howpublished="\url{http://aiweb.techfak.uni-bielefeld.de/content/bworld-robot-control-software/}"
},
@article{avellaneda2010statistical,
  title={Statistical arbitrage in the US equities market},
  author={Avellaneda, Marco and Lee, Jeong-Hyun},
  journal={Quantitative Finance},
  volume={10},
  number={7},
  pages={761--782},
  year={2010},
  publisher={Taylor \& Francis}
}